@phdthesis{ibanezThesis2015,
  TITLE = {{Emergence of complex behaviors from coordinated predictive control in humanoid robotics}},
  AUTHOR = {Ibanez, Aurelien},
  URL = {http://hal.upmc.fr/tel-01308723},
  NUMBER = {2015PA066325},
  SCHOOL = {{Universit{\'e} Pierre et Marie Curie - Paris VI}},
  YEAR = {2015},
  MONTH = Sep,
  KEYWORDS = {Humanoid robotics ; Motor control ; Robotique humano{\"i}de ; Commande dynamique ; Commande pr{\'e}dictive distribu{\'e}e ; Programmation en nombres entiers mixtes ; {\'E}quilibre et marche bip{\`e}de ; Coordination},
  TYPE = {Theses},
  PDF = {http://hal.upmc.fr/tel-01308723/file/2015PA066325.pdf},
  HAL_ID = {tel-01308723},
  HAL_VERSION = {v2},
}
