@article{goldfarb1983numerically,
  title={A numerically stable dual method for solving strictly convex quadratic programs},
  author={Goldfarb, Donald and Idnani, Ashok},
  journal={Mathematical programming},
  volume={27},
  number={1},
  pages={1--33},
  year={1983},
  publisher={Springer}
}
